@inproceedings{SimonyanVZ13,
  author    = {Karen Simonyan and
               Andrea Vedaldi and
               Andrew Zisserman},
  editor    = {Yoshua Bengio and
               Yann LeCun},
  title     = {Deep Inside Convolutional Networks: Visualising Image Classification Models and Saliency Maps},
  booktitle = {Proceedings of the 2nd International Conference on Learning Representations, {ICLR}},
  year      = {2014}
}
@misc{szegedy2015rethinking,
      title={Rethinking the Inception Architecture for Computer Vision}, 
      author={Christian Szegedy and Vincent Vanhoucke and Sergey Ioffe and Jonathon Shlens and Zbigniew Wojna},
      year={2015},
      eprint={1512.00567},
      archivePrefix={arXiv},
      primaryClass={cs.CV}
}

@misc{simonyan2015deep,
      title={Very Deep Convolutional Networks for Large-Scale Image Recognition}, 
      author={Karen Simonyan and Andrew Zisserman},
      year={2015},
      eprint={1409.1556},
      archivePrefix={arXiv},
      primaryClass={cs.CV}
}

@misc{smilkov2017smoothgrad,
      title={SmoothGrad: removing noise by adding noise}, 
      author={Daniel Smilkov and Nikhil Thorat and Been Kim and Fernanda Vi√©gas and Martin Wattenberg},
      year={2017},
      eprint={1706.03825},
      archivePrefix={arXiv},
      primaryClass={cs.LG}
}

@misc{sundararajan2017axiomatic,
      title={Axiomatic Attribution for Deep Networks}, 
      author={Mukund Sundararajan and Ankur Taly and Qiqi Yan},
      year={2017},
      eprint={1703.01365},
      archivePrefix={arXiv},
      primaryClass={cs.LG}
}

@misc{springenberg2015striving,
      title={Striving for Simplicity: The All Convolutional Net}, 
      author={Jost Tobias Springenberg and Alexey Dosovitskiy and Thomas Brox and Martin Riedmiller},
      year={2015},
      eprint={1412.6806},
      archivePrefix={arXiv},
      primaryClass={cs.LG}
}


@misc{noh2015learning,
      title={Learning Deconvolution Network for Semantic Segmentation}, 
      author={Hyeonwoo Noh and Seunghoon Hong and Bohyung Han},
      year={2015},
      eprint={1505.04366},
      archivePrefix={arXiv},
      primaryClass={cs.CV}
}


@article{Kirillov2023SegmentA,
  title={Segment Anything},
  author={Alexander Kirillov and Eric Mintun and Nikhila Ravi and Hanzi Mao and Chloe Rolland and Laura Gustafson and Tete Xiao and Spencer Whitehead and Alexander C. Berg and Wan-Yen Lo and Piotr Doll{\'a}r and Ross B. Girshick},
  journal={ArXiv},
  year={2023},
  volume={abs/2304.02643},
  url={https://api.semanticscholar.org/CorpusID:257952310}
}

@misc{he2015deep,
      title={Deep Residual Learning for Image Recognition}, 
      author={Kaiming He and Xiangyu Zhang and Shaoqing Ren and Jian Sun},
      year={2015},
      eprint={1512.03385},
      archivePrefix={arXiv},
      primaryClass={cs.CV}
}

@book{GarcezLG2009,
  author    = {Artur S. d'Avila Garcez and
               Lu{\'{\i}}s C. Lamb and
               Dov M. Gabbay},
  title     = {Neural-Symbolic Cognitive Reasoning},
  series    = {Cognitive Technologies},
  publisher = {Springer},
  year      = {2009}
}

@article{Guidotti,
  author    = {Riccardo Guidotti and
               Anna Monreale and
               Salvatore Ruggieri and
               Franco Turini and
               Fosca Giannotti and
               Dino Pedreschi},
  title     = {A Survey of Methods for Explaining Black Box Models},
  journal   = {{ACM} Computing Surveys},
  volume    = {51},
  number    = {5},
  pages     = {93:1--93:42},
  year      = {2019}
}

@inproceedings{NairH10,
  author       = {Vinod Nair and
                  Geoffrey E. Hinton},
  editor       = {Johannes F{\"{u}}rnkranz and
                  Thorsten Joachims},
  title        = {Rectified Linear Units Improve Restricted Boltzmann Machines},
  booktitle    = {Proceedings of the 27th International Conference on Machine Learning
                  (ICML-10), June 21-24, 2010, Haifa, Israel},
  pages        = {807--814},
  publisher    = {Omnipress},
  year         = {2010},
  url          = {https://icml.cc/Conferences/2010/papers/432.pdf},
  timestamp    = {Wed, 03 Apr 2019 17:43:37 +0200},
  biburl       = {https://dblp.org/rec/conf/icml/NairH10.bib},
  bibsource    = {dblp computer science bibliography, https://dblp.org}
}


@inproceedings{JarrettKRL09,
  author       = {Kevin Jarrett and
                  Koray Kavukcuoglu and
                  Marc'Aurelio Ranzato and
                  Yann LeCun},
  title        = {What is the best multi-stage architecture for object recognition?},
  booktitle    = {{IEEE} 12th International Conference on Computer Vision, {ICCV} 2009,
                  Kyoto, Japan, September 27 - October 4, 2009},
  pages        = {2146--2153},
  publisher    = {{IEEE} Computer Society},
  year         = {2009},
  url          = {https://doi.org/10.1109/ICCV.2009.5459469},
  doi          = {10.1109/ICCV.2009.5459469},
  timestamp    = {Thu, 23 Mar 2023 23:57:43 +0100},
  biburl       = {https://dblp.org/rec/conf/iccv/JarrettKRL09.bib},
  bibsource    = {dblp computer science bibliography, https://dblp.org}
}



@article{LeCunBH15,
  author    = {Yann LeCun and
               Yoshua Bengio and
               Geoffrey E. Hinton},
  title     = {Deep learning},
  journal   = {Nature},
  volume    = {521},
  number    = {7553},
  pages     = {436--444},
  year      = {2015}
}

@article{fisher1958grouping,
  title={On grouping for maximum homogeneity},
  author={Fisher, Walter D},
  journal={Journal of the American statistical Association},
  volume={53},
  number={284},
  pages={789--798},
  year={1958},
  publisher={Taylor \& Francis}
}

@inproceedings{EsterKSX96,
  author    = {Martin Ester and
               Hans{-}Peter Kriegel and
               J{\"{o}}rg Sander and
               Xiaowei Xu},
  editor    = {Evangelos Simoudis and
               Jiawei Han and
               Usama M. Fayyad},
  title     = {A Density-Based Algorithm for Discovering Clusters in Large Spatial
               Databases with Noise},
  booktitle = {Proceedings of the Second International Conference on Knowledge Discovery
               and Data Mining (KDD-96)},
  pages     = {226--231},
  publisher = {{AAAI} Press},
  year      = {1996}
}

@misc{ROC,
  title = {ROC curve in machine learning},
  howpublished = {\url{https://towardsdatascience.com/roc-curve-in-machine-learning-fea29b14d133}},
  note = {Accessed: 2023-09-05}
}

@article{BianchiniS14,
  author       = {Monica Bianchini and
                  Franco Scarselli},
  title        = {On the Complexity of Neural Network Classifiers: {A} Comparison Between
                  Shallow and Deep Architectures},
  journal      = {{IEEE} Trans. Neural Networks Learn. Syst.},
  volume       = {25},
  number       = {8},
  pages        = {1553--1565},
  year         = {2014},
  url          = {https://doi.org/10.1109/TNNLS.2013.2293637},
  doi          = {10.1109/TNNLS.2013.2293637},
  timestamp    = {Fri, 27 Mar 2020 08:39:17 +0100},
  biburl       = {https://dblp.org/rec/journals/tnn/BianchiniS14.bib},
  bibsource    = {dblp computer science bibliography, https://dblp.org}
}

@inproceedings{LeeGRN09,
  author       = {Honglak Lee and
                  Roger B. Grosse and
                  Rajesh Ranganath and
                  Andrew Y. Ng},
  editor       = {Andrea Pohoreckyj Danyluk and
                  L{\'{e}}on Bottou and
                  Michael L. Littman},
  title        = {Convolutional deep belief networks for scalable unsupervised learning
                  of hierarchical representations},
  booktitle    = {Proceedings of the 26th Annual International Conference on Machine
                  Learning, {ICML} 2009, Montreal, Quebec, Canada, June 14-18, 2009},
  series       = {{ACM} International Conference Proceeding Series},
  volume       = {382},
  pages        = {609--616},
  publisher    = {{ACM}},
  year         = {2009},
  url          = {https://doi.org/10.1145/1553374.1553453},
  doi          = {10.1145/1553374.1553453},
  timestamp    = {Wed, 14 Nov 2018 10:58:56 +0100},
  biburl       = {https://dblp.org/rec/conf/icml/LeeGRN09.bib},
  bibsource    = {dblp computer science bibliography, https://dblp.org}
}

@article{Heaton18,
  author       = {Jeff Heaton},
  title        = {Ian Goodfellow, Yoshua Bengio, and Aaron Courville: Deep learning
                  - The {MIT} Press, 2016, 800 pp, {ISBN:} 0262035618},
  journal      = {Genet. Program. Evolvable Mach.},
  volume       = {19},
  number       = {1-2},
  pages        = {305--307},
  year         = {2018},
  url          = {https://doi.org/10.1007/s10710-017-9314-z},
  doi          = {10.1007/s10710-017-9314-z},
  timestamp    = {Tue, 01 Sep 2020 13:12:52 +0200},
  biburl       = {https://dblp.org/rec/journals/gpem/Heaton18.bib},
  bibsource    = {dblp computer science bibliography, https://dblp.org}
}

@article{GoodmanF17,
  author    = {Bryce Goodman and
               Seth R. Flaxman},
  title     = {European Union Regulations on Algorithmic Decision-Making and a "Right
               to Explanation"},
  journal   = {{AI} Magazine},
  volume    = {38},
  number    = {3},
  pages     = {50--57},
  year      = {2017}
}

@inproceedings{NguyenHHTK14,
  author    = {Tien T. Nguyen and
               Pik{-}Mai Hui and
               F. Maxwell Harper and
               Loren G. Terveen and
               Joseph A. Konstan},
  editor    = {Chin{-}Wan Chung and
               Andrei Z. Broder and
               Kyuseok Shim and
               Torsten Suel},
  title     = {Exploring the filter bubble: the effect of using recommender systems
               on content diversity},
  booktitle = {Proceedings of the 23rd International World Wide Web Conference, {WWW}},
  pages     = {677--686},
  publisher = {{ACM}},
  year      = {2014}
}


@article{abs,
  author    = {Rithesh Kumar and
               Jose Sotelo and
               Kundan Kumar and
               Alexandre de Br{\'{e}}bisson and
               Yoshua Bengio},
  title     = {ObamaNet: Photo-realistic lip-sync from text},
  journal   = {CoRR},
  volume   = {ArXiv1801.01442},
  year      = {2018}
}

@article{kucharski2016study,
  title={Study epidemiology of fake news},
  author={Kucharski, Adam},
  journal={Nature},
  volume={540},
  number={7634},
  pages={525--525},
  year={2016},
  publisher={Nature Publishing Group}
}

@article{forthcoming,
  title={The forthcoming Artificial Intelligence ({AI}) revolution: Its impact on society and firms},
  author={Makridakis, Spyros},
  journal={Futures},
  volume={90},
  pages={46--60},
  year={2017},
  publisher={Elsevier}
}

@article{corr,
  author    = {Gary Marcus},
  title     = {Deep Learning: {A} Critical Appraisal},
  journal   = {CoRR},
  volume    = {ArXiv1801.00631},
  year      = {2018}
}


@article{WolfMG17,
  author    = {Marty J. Wolf and
               Keith W. Miller and
               Frances S. Grodzinsky},
  title     = {Why we should have seen that coming: comments on Microsoft's tay "experiment,
               " and wider implications},
  journal   = {{SIGCAS} Comput. Soc.},
  volume    = {47},
  number    = {3},
  pages     = {54--64},
  year      = {2017},
}

@inproceedings{LentFM04,
  author    = {Michael van Lent and
               William Fisher and
               Michael Mancuso},
  editor    = {Deborah L. McGuinness and
               George Ferguson},
  title     = {An Explainable Artificial Intelligence System for Small-unit Tactical
               Behavior},
  booktitle = {Proceedings of the 19th National Conference on Artificial Intelligence,
               Proceedings of the 16th Conference on Innovative Applications of Artificial Intelligence},
  pages     = {900--907},
  publisher = {{AAAI} Press / The {MIT} Press},
  year      = {2004}
}

@techreport{moore1988explanation,
  title={Explanation in expert systems: A survey},
  author={Moore, Johanna D and Swartout, William R},
  year={1988}
}


@article{doshi2017towards,
  title={Towards a rigorous science of interpretable machine learning},
  author={Doshi-Velez, Finale and Kim, Been},
  journal={arXiv preprint arXiv:1702.08608},
  year={2017}
}


@article{Lipton18,
  author    = {Zachary C. Lipton},
  title     = {The mythos of model interpretability},
  journal   = {Commun. {ACM}},
  volume    = {61},
  number    = {10},
  pages     = {36--43},
  year      = {2018},
}


@inproceedings{Ribeiro0G16,
  author    = {Marco T{\'{u}}lio Ribeiro and
               Sameer Singh and
               Carlos Guestrin},
  editor    = {Balaji Krishnapuram and
               Mohak Shah and
               Alexander J. Smola and
               Charu C. Aggarwal and
               Dou Shen and
               Rajeev Rastogi},
  title     = {"{W}hy Should {I} Trust You?": Explaining the Predictions of Any Classifier},
  booktitle = {Proceedings of the 22nd International Conference on
               Knowledge Discovery and Data Mining, {ACM} {SIGKDD} },
  pages     = {1135--1144},
  publisher = {{ACM}},
  year      = {2016}
}

@inproceedings{HeZRS16,
  author    = {Kaiming He and
               Xiangyu Zhang and
               Shaoqing Ren and
               Jian Sun},
  title     = {Deep Residual Learning for Image Recognition},
  booktitle = {Proceeding of the 33th Conference on Computer Vision and Pattern Recognition,{CVPR}},
  pages     = {770--778},
  publisher = {{IEEE} Computer Society},
  year      = {2016},
 
}

@article{SilverHMGSDSAPL16,
  author    = {David Silver and
               Aja Huang and
               Chris J. Maddison and
               Arthur Guez and
               Laurent Sifre and
               George van den Driessche and
               Julian Schrittwieser and
               Ioannis Antonoglou and
               Vedavyas Panneershelvam and
               Marc Lanctot and
               Sander Dieleman and
               Dominik Grewe and
               John Nham and
               Nal Kalchbrenner and
               Ilya Sutskever and
               Timothy P. Lillicrap and
               Madeleine Leach and
               Koray Kavukcuoglu and
               Thore Graepel and
               Demis Hassabis},
  title     = {Mastering the game of Go with deep neural networks and tree search},
  journal   = {Nature},
  volume    = {529},
  number    = {7587},
  pages     = {484--489},
  year      = {2016}
}


@inproceedings{DengHK13,
  author    = {Li Deng and
               Geoffrey E. Hinton and
               Brian Kingsbury},
  title     = {New types of deep neural network learning for speech recognition and
               related applications: an overview},
  booktitle = {Proceedings of the 38th {IEEE} International Conference on Acoustics, Speech and Signal Processing,
               {ICASSP}},
  pages     = {8599--8603},
  publisher = {{IEEE}},
  year      = {2013}
}

@article{Miller19,
  author    = {Tim Miller},
  title     = {Explanation in artificial intelligence: Insights from the social sciences},
  journal   = {Artif. Intell.},
  volume    = {267},
  pages     = {1--38},
  year      = {2019}
}


@article{bach2015pixel,
  title={On pixel-wise explanations for non-linear classifier decisions by layer-wise relevance propagation},
  author={Bach, Sebastian and Binder, Alexander and Montavon, Gr{\'e}goire and Klauschen, Frederick and M{\"u}ller, Klaus-Robert and Samek, Wojciech},
  journal={PloS one},
  volume={10},
  number={7},
  year={2015},
  publisher={Public Library of Science}
}

@article{MontavonSM18,
  author    = {Gr{\'{e}}goire Montavon and
               Wojciech Samek and
               Klaus{-}Robert M{\"{u}}ller},
  title     = {Methods for interpreting and understanding deep neural networks},
  journal   = {Digital Signal Processing},
  volume    = {73},
  pages     = {1--15},
  year      = {2018}
}

@inproceedings{KohL17,
  author    = {Pang Wei Koh and
               Percy Liang},
  editor    = {Doina Precup and
               Yee Whye Teh},
  title     = {Understanding Black-box Predictions via Influence Functions},
  booktitle = {Proceedings of the 34th International Conference on Machine Learning, {ICML} 2017},
  series    = {Proceedings of Machine Learning Research},
  volume    = {70},
  pages     = {1885--1894},
  publisher = {{PMLR}},
  year      = {2017}
}

@inproceedings{JhaRPSF17,
  author    = {Susmit Jha and
               Vasumathi Raman and
               Alessandro Pinto and
               Tuhin Sahai and
               Michael Francis},
  editor    = {Clark W. Barrett and
               Misty Davies and
               Temesghen Kahsai},
  title     = {On Learning Sparse Boolean Formulae for Explaining {AI} Decisions},
  booktitle = {Proceedings of the  9th International Symposium {NASA} Formal Methods, {NFM}},
  series    = {Lecture Notes in Computer Science},
  volume    = {10227},
  pages     = {99--114},
  year      = {2017}
}

@article{BojarskiYCCFJM17,
  author    = {Mariusz Bojarski and
               Philip Yeres and
               Anna Choromanska and
               Krzysztof Choromanski and
               Bernhard Firner and
               Lawrence D. Jackel and
               Urs Muller},
  title     = {Explaining How a Deep Neural Network Trained with End-to-End Learning Steers a Car},
  journal   = {CoRR},
  volume    = {abs/1704.07911},
  year      = {2017}
}


@inproceedings{ZeilerF14,
  author    = {Matthew D. Zeiler and
               Rob Fergus},
  editor    = {David J. Fleet and
               Tom{\'{a}}s Pajdla and
               Bernt Schiele and
               Tinne Tuytelaars},
  title     = {Visualizing and Understanding Convolutional Networks},
  booktitle = {Proceedings Part {I} of the 13th European Conferenc of Computer Vision, {ECCV}},
  series    = {Lecture Notes in Computer Science},
  volume    = {8689},
  pages     = {818--833},
  publisher = {Springer},
  year      = {2014}
}

@inproceedings{ZeilerTF11,
  author    = {Matthew D. Zeiler and
               Graham W. Taylor and
               Rob Fergus},
  editor    = {Dimitris N. Metaxas and
               Long Quan and
               Alberto Sanfeliu and
               Luc Van Gool},
  title     = {Adaptive deconvolutional networks for mid and high level feature learning},
  booktitle = {Proceedings of the 28th {IEEE} International Conference on Computer Vision, {ICCV}},
  pages     = {2018--2025},
  publisher = {{IEEE} Computer Society},
  year      = {2011}
}


@inproceedings{MahendranV15,
  author    = {Aravindh Mahendran and
               Andrea Vedaldi},
  title     = {Understanding deep image representations by inverting them},
  booktitle = {Proceedings of the 32th {IEEE} Conference on Computer Vision and Pattern Recognition, {CVPR}},
  pages     = {5188--5196},
  publisher = {{IEEE} Computer Society},
  year      = {2015}
}


@article{YosinskiCNFL15,
  author    = {Jason Yosinski and
               Jeff Clune and
               Anh Mai Nguyen and
               Thomas J. Fuchs and
               Hod Lipson},
  title     = {Understanding Neural Networks Through Deep Visualization},
  journal   = {CoRR},
  volume    = {abs/1506.06579},
  year      = {2015}
}


@article{NguyenYC16,
  author    = {Anh Mai Nguyen and
               Jason Yosinski and
               Jeff Clune},
  title     = {Multifaceted Feature Visualization: Uncovering the Different Types
               of Features Learned By Each Neuron in Deep Neural Networks},
  journal   = {CoRR},
  volume    = {abs/1602.03616},
  year      = {2016}
}


@inproceedings{NguyenDYBC16,
  author    = {Anh Mai Nguyen and
               Alexey Dosovitskiy and
               Jason Yosinski and
               Thomas Brox and
               Jeff Clune},
  editor    = {Daniel D. Lee and
               Masashi Sugiyama and
               Ulrike von Luxburg and
               Isabelle Guyon and
               Roman Garnett},
  title     = {Synthesizing the preferred inputs for neurons in neural networks via
               deep generator networks},
  booktitle = {Proceeding of the 29th Annual Conference
               on Neural Information Processing Systems, Advances in Neural Information Processing Systems},
  pages     = {3387--3395},
  year      = {2016}
}

@inproceedings{LiYCLH15,
  author    = {Yixuan Li and
               Jason Yosinski and
               Jeff Clune and
               Hod Lipson and
               John E. Hopcroft},
  editor    = {Yoshua Bengio and
               Yann LeCun},
  title     = {Convergent Learning: Do different neural networks learn the same representations?},
  booktitle = {Proceedings of the 4th International Conference on Learning Representations, {ICLR} 2016,
               San Juan, Puerto Rico, May 2-4, 2016, Conference Track Proceedings},
  year      = {2016}
}


@inproceedings{HendricksARDSD16,
  author    = {Lisa Anne Hendricks and
               Zeynep Akata and
               Marcus Rohrbach and
               Jeff Donahue and
               Bernt Schiele and
               Trevor Darrell},
  editor    = {Bastian Leibe and
               Jiri Matas and
               Nicu Sebe and
               Max Welling},
  title     = {Generating Visual Explanations},
  booktitle = {Proceedings Part {IV} of the 14th European Conference in Computer Vision, {ECCV} },
  series    = {Lecture Notes in Computer Science},
  volume    = {9908},
  pages     = {3--19},
  publisher = {Springer},
  year      = {2016}
}

@article{DonahueHRVGSD17,
  author    = {Jeff Donahue and
               Lisa Anne Hendricks and
               Marcus Rohrbach and
               Subhashini Venugopalan and
               Sergio Guadarrama and
               Kate Saenko and
               Trevor Darrell},
  title     = {Long-Term Recurrent Convolutional Networks for Visual Recognition
               and Description},
  journal   = {{IEEE} Trans. Pattern Anal. Mach. Intell.},
  volume    = {39},
  number    = {4},
  pages     = {677--691},
  year      = {2017}
}

@inproceedings{ElenbergDFK17,
  author    = {Ethan R. Elenberg and
               Alexandros G. Dimakis and
               Moran Feldman and
               Amin Karbasi},
  editor    = {Isabelle Guyon and
               Ulrike von Luxburg and
               Samy Bengio and
               Hanna M. Wallach and
               Rob Fergus and
               S. V. N. Vishwanathan and
               Roman Garnett},
  title     = {Streaming Weak Submodularity: Interpreting Neural Networks on the
               Fly},
  booktitle = {Proceedings of the 30th Annual Conference
               on Neural Information Processing Systems, Advances in Neural Information Processing Systems},
  pages     = {4044--4054},
  year      = {2017}
}

@inproceedings{RossHD17,
  author    = {Andrew Slavin Ross and
               Michael C. Hughes and
               Finale Doshi{-}Velez},
  editor    = {Carles Sierra},
  title     = {Right for the Right Reasons: Training Differentiable Models by Constraining
               their Explanations},
  booktitle = {Proceedings of the 26th International Joint Conference on
               Artificial Intelligence, {IJCAI}},
  pages     = {2662--2670},
  publisher = {IJCAI},
  year      = {2017}
}

@inproceedings{BinderMLMS16,
  author    = {Alexander Binder and
               Gr{\'{e}}goire Montavon and
               Sebastian Lapuschkin and
               Klaus{-}Robert M{\"{u}}ller and
               Wojciech Samek},
  editor    = {Alessandro E. P. Villa and
               Paolo Masulli and
               Antonio Javier Pons Rivero},
  title     = {Layer-Wise Relevance Propagation for Neural Networks with Local Renormalization
               Layers},
  booktitle = {Proceedings Part {II} of the 25th International Conference on Artificial Neural Network, Artificial Neural Networks and Machine Learning, {ICANN}},
  series    = {Lecture Notes in Computer Science},
  volume    = {9887},
  pages     = {63--71},
  publisher = {Springer},
  year      = {2016}
}

@article{MontavonLBSM17,
  author    = {Gr{\'{e}}goire Montavon and
               Sebastian Lapuschkin and
               Alexander Binder and
               Wojciech Samek and
               Klaus{-}Robert M{\"{u}}ller},
  title     = {Explaining nonlinear classification decisions with deep Taylor decomposition},
  journal   = {Pattern Recognition},
  volume    = {65},
  pages     = {211--222},
  year      = {2017}
}

@article{SturmBSM16,
  author    = {Irene Sturm and
               Sebastian Bach and
               Wojciech Samek and
               Klaus{-}Robert M{\"{u}}ller},
  title     = {Interpretable Deep Neural Networks for Single-Trial {EEG} Classification},
  journal   = {CoRR},
  volume    = {abs/1604.08201},
  year      = {2016}
}

@article{SamekBMLM17,
  author    = {Wojciech Samek and
               Alexander Binder and
               Gr{\'{e}}goire Montavon and
               Sebastian Lapuschkin and
               Klaus{-}Robert M{\"{u}}ller},
  title     = {Evaluating the Visualization of What a Deep Neural Network Has Learned},
  journal   = {{IEEE} Trans. Neural Networks Learn. Syst.},
  volume    = {28},
  number    = {11},
  pages     = {2660--2673},
  year      = {2017}
}

@inproceedings{KumarWT17,
  author    = {Devinder Kumar and
               Alexander Wong and
               Graham W. Taylor},
  title     = {Explaining the Unexplained: {A} CLass-Enhanced Attentive Response
               {(CLEAR)} Approach to Understanding Deep Neural Networks},
  booktitle = {Proceedings of the 34th Conference on Computer Vision and Pattern Recognition, {CVPR} Workshops 2017},
  pages     = {1686--1694},
  publisher = {{IEEE} Computer Society},
  year      = {2017}
}

@inproceedings{DBLP:conf/nips/MontufarPCB14,
  author    = {Guido F. Mont{\'{u}}far and
               Razvan Pascanu and
               KyungHyun Cho and
               Yoshua Bengio},
  editor    = {Zoubin Ghahramani and
               Max Welling and
               Corinna Cortes and
               Neil D. Lawrence and
               Kilian Q. Weinberger},
  title     = {On the Number of Linear Regions of Deep Neural Networks},
  booktitle = {Proceedings of the 27th Annual Conference on Neural Information Processing Systems, Advances in Neural Information Processing Systems},
  pages     = {2924--2932},
  year      = {2014}
}
  
@book{taylor2006methods,
  title={Methods and procedures for the verification and validation of artificial neural networks},
  author={Taylor, Brian J},
  year={2006},
  publisher={Springer Science \& Business Media}
}

@inproceedings{CaruanaLGKSE15,
  author    = {Rich Caruana and
               Yin Lou and
               Johannes Gehrke and
               Paul Koch and
               Marc Sturm and
               Noemie Elhadad},
  editor    = {Longbing Cao and
               Chengqi Zhang and
               Thorsten Joachims and
               Geoffrey I. Webb and
               Dragos D. Margineantu and
               Graham Williams},
  title     = {Intelligible Models for HealthCare: Predicting Pneumonia Risk and
               Hospital 30-day Readmission},
  booktitle = {Proceedings of the 21th {ACM} {SIGKDD} International Conference on
               Knowledge Discovery and Data Mining, NSW},
  pages     = {1721--1730},
  publisher = {{ACM}},
  year      = {2015}
}

@article{rumelhart1986learning,
  title={Learning representations by back-propagating errors},
  author={Rumelhart, David E and Hinton, Geoffrey E and Williams, Ronald J},
  journal={Nature},
  volume={323},
  number={6088},
  pages={533--536},
  year={1986},
  publisher={Nature Publishing Group}
}

@inproceedings{SpringenbergDBR14,
  author    = {Jost Tobias Springenberg and
               Alexey Dosovitskiy and
               Thomas Brox and
               Martin A. Riedmiller},
  editor    = {Yoshua Bengio and
               Yann LeCun},
  title     = {Striving for Simplicity: The All Convolutional Net},
  booktitle = {Workshop Track Proceedings of the 3rd International Conference on Learning Representations, {ICLR}},
  year      = {2015}
}

@inproceedings{LiEZC18,
  author    = {Hongzhi Li and
               Joseph G. Ellis and
               Lei Zhang and
               Shih{-}Fu Chang},
  editor    = {Kiyoharu Aizawa and
               Michael S. Lew and
               Shin'ichi Satoh},
  title     = {PatternNet: Visual Pattern Mining with Deep Neural Network},
  booktitle = {Proceedings of the 2018 {ACM} on International Conference on Multimedia
               Retrieval, {ICMR} 2018, Yokohama, Japan, June 11-14, 2018},
  pages     = {291--299},
  publisher = {{ACM}},
  year      = {2018},
  url       = {https://doi.org/10.1145/3206025.3206039},
  doi       = {10.1145/3206025.3206039},
  timestamp = {Wed, 21 Nov 2018 12:44:13 +0100},
  biburl    = {https://dblp.org/rec/conf/mir/LiEZC18.bib},
  bibsource = {dblp computer science bibliography, https://dblp.org}
}


@inproceedings{Ribeiro0G18,
  author    = {Marco T{\'{u}}lio Ribeiro and
               Sameer Singh and
               Carlos Guestrin},
  editor    = {Sheila A. McIlraith and
               Kilian Q. Weinberger},
  title     = {Anchors: High-Precision Model-Agnostic Explanations},
  booktitle = {Proceedings of the 32th {AAAI} Conference on Artificial Intelligence,
               (AAAI-18), the 30th {AAAI} Innovative Applications of Artificial Intelligence
               (IAAI-18), and the 8th {AAAI} Symposium on Educational Advances in
               Artificial Intelligence (EAAI-18)},
  pages     = {1527--1535},
  publisher = {{AAAI} Press},
  year      = {2018}
}

@article{SikonjaK08,
  author    = {Marko Robnik{-}Sikonja and
               Igor Kononenko},
  title     = {Explaining Classifications For Individual Instances},
  journal   = {{IEEE} Trans. Knowl. Data Eng.},
  volume    = {20},
  number    = {5},
  pages     = {589--600},
  year      = {2008}
}

@inproceedings{LundbergL17,
  author    = {Scott M. Lundberg and
               Su{-}In Lee},
  editor    = {Isabelle Guyon and
               Ulrike von Luxburg and
               Samy Bengio and
               Hanna M. Wallach and
               Rob Fergus and
               S. V. N. Vishwanathan and
               Roman Garnett},
  title     = {A Unified Approach to Interpreting Model Predictions},
  booktitle = {Proceedings of the 30th Annual Conference
               on Neural Information Processing Systems, Advances in Neural Information Processing Systems},
  pages     = {4765--4774},
  year      = {2017}
}


@inproceedings{ShrikumarGK17,
  author    = {A. Shrikumar and
               P. Greenside and
               A. Kundaje},
  title     = {Learning Important Features Through Propagating Activation Differences},
  booktitle = {Proceedings of the 34th International Conference on Machine Learning, NSW},
  pages     = {3145--3153},
  year      = {2017}
}

@article{ShrikumarGSK16,
  author    = {A. Shrikumar and
               P. Greenside and
               A. Shcherbina and
               A. Kundaje},
  title     = {Not Just a Black Box: Learning Important Features Through Propagating Activation Differences},
  journal   = {Computing Research Repository},
  volume    = {abs/1605.01713},
  year      = {2016},
  archivePrefix = {arXiv},
  eprint    = {1605.01713}
}


@article{lipovetsky2001analysis,
  title={Analysis of regression in game theory approach},
  author={Lipovetsky, S. and Conklin, M.},
  journal={Applied Stochastic Models in Business and Industry},
  volume={17},
  number={4},
  pages={319--330},
  year={2001},
  publisher={Wiley Online Library}
}


@article{StrumbeljK14,
  author    = {E. Strumbelj and
               I. Kononenko},
  title     = {Explaining prediction models and individual predictions with feature contributions},
  journal   = {Knowledge and Information Systems},
  volume    = {41},
  number    = {3},
  pages     = {647--665},
  year      = {2014}
}

@inproceedings{DattaSZ16,
  author    = {A. Datta and
               S. Sen and
               Y. Zick},
  title     = {Algorithmic Transparency via Quantitative Input Influence: Theory
               and Experiments with Learning Systems},
  booktitle = {Proceedings of the 37th Institute of Electrical and Electronics Engineers Symposium on Security and Privacy, {SP}},
  pages     = {598--617},
  year      = {2016}
}

@article{AdadiB18,
  author    = {Amina Adadi and
               Mohammed Berrada},
  title     = {Peeking Inside the Black-Box: {A} Survey on Explainable Artificial
               Intelligence {(XAI)}},
  journal   = {{IEEE} Access},
  volume    = {6},
  pages     = {52138--52160},
  year      = {2018}
}

@article{khan2001classification,
  title={Classification and diagnostic prediction of cancers using gene expression profiling and artificial neural networks},
  author={Khan, Javed and Wei, Jun S and Ringner, Markus and Saal, Lao H and Ladanyi, Marc and Westermann, Frank and Berthold, Frank and Schwab, Manfred and Antonescu, Cristina R and Peterson, Carsten and others},
  journal={Nature medicine},
  volume={7},
  number={6},
  pages={673--679},
  year={2001},
  publisher={Nature Publishing Group}
}

@article{schutt2017quantum,
  title={Quantum-chemical insights from deep tensor neural networks},
  author={Sch{\"u}tt, Kristof T and Arbabzadah, Farhad and Chmiela, Stefan and M{\"u}ller, Klaus R and Tkatchenko, Alexandre},
  journal={Nature communications},
  volume={8},
  number={1},
  pages={1--8},
  year={2017},
  publisher={Nature Publishing Group}
}

@inproceedings{DBLP:conf/nips/MontufarPCB14,
  author    = {Guido F. Mont{\'{u}}far and
               Razvan Pascanu and
               KyungHyun Cho and
               Yoshua Bengio},
  editor    = {Zoubin Ghahramani and
               Max Welling and
               Corinna Cortes and
               Neil D. Lawrence and
               Kilian Q. Weinberger},
  title     = {On the Number of Linear Regions of Deep Neural Networks},
  booktitle = {Proceedings of the 27th Annual Conference on Neural Information Processing Systems, Advances in Neural Information Processing Systems},
  pages     = {2924--2932},
  year      = {2014}
}

@inproceedings{LapuschkinBMMS16,
  author    = {Sebastian Lapuschkin and
               Alexander Binder and
               Gr{\'{e}}goire Montavon and
               Klaus{-}Robert M{\"{u}}ller and
               Wojciech Samek},
  title     = {Analyzing Classifiers: Fisher Vectors and Deep Neural Networks},
  booktitle = {Proceedings of the 33th Conference on Computer Vision and Pattern Recognition,{CVPR}},
  pages     = {2912--2920},
  publisher = {{IEEE} Computer Society},
  year      = {2016}
}

@inproceedings{SokolF18a,
  author    = {Kacper Sokol and
               Peter A. Flach},
  editor    = {J{\'{e}}r{\^{o}}me Lang},
  title     = {Glass-Box: Explaining {AI} Decisions With Counterfactual Statements
               Through Conversation With a Voice-enabled Virtual Assistant},
  booktitle = {Proceedings of the 27th International Joint Conference on
               Artificial Intelligence, {IJCAI} },
  pages     = {5868--5870},
  publisher = {IJCAI},
  year      = {2018}
 }
 
 
@article{magazzeni,
  author    = {M. Cashmore and
               A. Collins and
               B. Krarup and
               S. Krivic and
               D. Magazzeni and
               D. Smith},
  title     = {Towards Explainable {AI} Planning as a Service},
  journal   = {Computing Research Repository},
  volume    = {abs/1908.05059},
  year      = {2019}
}

@inproceedings{HoffmannM19,
  author    = {J. Hoffmann and
               D. Magazzeni},
  title     = {Explainable {AI} Planning {(XAIP):} Overview and the Case of Contrastive
               Explanation (Extended Abstract)},
  booktitle = {Proceedings of the 15th International Summer School 2019, Tutorial
               Lectures},
  pages     = {277--282},
  year      = {2019}
}


@article{gevrey2003review,
  title={Review and comparison of methods to study the contribution of variables in artificial neural network models},
  author={Gevrey, Muriel and Dimopoulos, Ioannis and Lek, Sovan},
  journal={Ecological modelling},
  volume={160},
  number={3},
  pages={249--264},
  year={2003},
  publisher={Elsevier}
}



@inproceedings{DoranSB17,
  author    = {Derek Doran and
               Sarah Schulz and
               Tarek R. Besold},
  editor    = {Tarek R. Besold and
               Oliver Kutz},
  title     = {What Does Explainable {AI} Really Mean? {A} New Conceptualization
               of Perspectives},
  booktitle = {Proceedings of the 1st International Workshop on Comprehensibility
               and Explanation in {AI} and 16th International Conference of the Italian Association for Artificial Intelligence},
  series    = {{CEUR} Workshop Proceedings},
  volume    = {2071},
  publisher = {CEUR-WS.org},
  year      = {2017}
}


@inproceedings{chakraborty2017interpretability,
  title={Interpretability of deep learning models: a survey of results},
  author={Chakraborty, Supriyo and Tomsett, Richard and Raghavendra, Ramya and Harborne, Daniel and Alzantot, Moustafa and Cerutti, Federico and Srivastava, Mani and Preece, Alun and Julier, Simon and Rao, Raghuveer M and others},
  booktitle={Proceedings of the 15th IEEE International Conference on Ubiquitous Intelligence and Computing and 15th IEEE International Conference on Autonomic and Trusted Computing and 17th IEEE International Conference on Scalable Computing and Communications, Cloud \& Big Data Computing, Internet of People and Smart City Innovation (SmartWorld/SCALCOM/UIC/ATC/CBDCom/IOP/SCI)},
  pages={1--6},
  year={2017},
  organization={IEEE}
}

@article{BaehrensSHKHM10,
  author    = {David Baehrens and
               Timon Schroeter and
               Stefan Harmeling and
               Motoaki Kawanabe and
               Katja Hansen and
               Klaus{-}Robert M{\"{u}}ller},
  title     = {How to Explain Individual Classification Decisions},
  journal   = {J. Mach. Learn. Res.},
  volume    = {11},
  pages     = {1803--1831},
  year      = {2010}
}

@article{shafto2019explainable,
  title={Explainable Decisions of Algorithms Using Examples},
  author={Shafto, Patrick and Yang, Scott Cheng-Hsin and Vong, Wai and Sojitra, Ravi},
  year={2019}
}


@incollection{MontavonBLSM19,
  author    = {Gr{\'{e}}goire Montavon and
               Alexander Binder and
               Sebastian Lapuschkin and
               Wojciech Samek and
               Klaus{-}Robert M{\"{u}}ller},
  editor    = {Wojciech Samek and
               Gr{\'{e}}goire Montavon and
               Andrea Vedaldi and
               Lars Kai Hansen and
               Klaus{-}Robert M{\"{u}}ller},
  title     = {Layer-Wise Relevance Propagation: An Overview},
  booktitle = {Explainable {AI:} Interpreting, Explaining and Visualizing Deep Learning},
  series    = {Lecture Notes in Computer Science},
  volume    = {11700},
  pages     = {193--209},
  publisher = {Springer},
  year      = {2019}
}

@inproceedings{MontufarPCB14,
  author    = {Guido F. Mont{\'{u}}far and
               Razvan Pascanu and
               KyungHyun Cho and
               Yoshua Bengio},
  editor    = {Zoubin Ghahramani and
               Max Welling and
               Corinna Cortes and
               Neil D. Lawrence and
               Kilian Q. Weinberger},
  title     = {On the Number of Linear Regions of Deep Neural Networks},
  booktitle = { Proceedings of the 27th Annual Conference
               on Neural Information Processing Systems, Advances in Neural Information Processing Systems},
  pages     = {2924--2932},
  year      = {2014}
}


@inproceedings{features,
  author    = {Kelvin Xu and
               Jimmy Ba and
               Ryan Kiros and
               Kyunghyun Cho and
               Aaron C. Courville and
               Ruslan Salakhutdinov and
               Richard S. Zemel and
               Yoshua Bengio},
  editor    = {Francis R. Bach and
               David M. Blei},
  title     = {Show, Attend and Tell: Neural Image Caption Generation with Visual
               Attention},
  booktitle = {Proceedings of the 32nd International Conference on Machine Learning,
               {ICML}},
  series    = {{JMLR} Workshop and Conference Proceedings},
  volume    = {37},
  pages     = {2048--2057},
  year      = {2015}
}

@article{DBLP:journals/ki/SchulzB12,
  author    = {Hannes Schulz and
               Sven Behnke},
  title     = {Deep Learning - Layer-Wise Learning of Feature Hierarchies},
  journal   = {K{\"{u}}nstliche Intell.},
  volume    = {26},
  number    = {4},
  pages     = {357--363},
  year      = {2012}
}


@article{KrizvskySH17,
  author    = {Alex Krizhevsky and
               Ilya Sutskever and
               Geoffrey E. Hinton},
  title     = {ImageNet classification with deep convolutional neural networks},
  journal   = {Commun. {ACM}},
  volume    = {60},
  number    = {6},
  pages     = {84--90},
  year      = {2017}
}


@inproceedings{ChiuSWPNCKWRGJL18,
  author    = {Chung{-}Cheng Chiu and
               Tara N. Sainath and
               Yonghui Wu and
               Rohit Prabhavalkar and
               Patrick Nguyen and
               Zhifeng Chen and
               Anjuli Kannan and
               Ron J. Weiss and
               Kanishka Rao and
               Ekaterina Gonina and
               Navdeep Jaitly and
               Bo Li and
               Jan Chorowski and
               Michiel Bacchiani},
  title     = {State-of-the-Art Speech Recognition with Sequence-to-Sequence Models},
  booktitle = {2018 {IEEE} International Conference on Acoustics, Speech and Signal
               Processing, {ICASSP} 2018, Calgary, AB, Canada, April 15-20, 2018},
  pages     = {4774--4778},
  publisher = {{IEEE}},
  year      = {2018}
}

@inproceedings{McCannBXS17,
  author    = {Bryan McCann and
               James Bradbury and
               Caiming Xiong and
               Richard Socher},
  editor    = {Isabelle Guyon and
               Ulrike von Luxburg and
               Samy Bengio and
               Hanna M. Wallach and
               Rob Fergus and
               S. V. N. Vishwanathan and
               Roman Garnett},
  title     = {Learned in Translation: Contextualized Word Vectors},
  booktitle = {Advances in Neural Information Processing Systems 30: Annual Conference
               on Neural Information Processing Systems 2017, December 4-9, 2017,
               Long Beach, CA, {USA}},
  pages     = {6294--6305},
  year      = {2017}
}

@incollection{AndersMSM19,
  author    = {Christopher J. Anders and
               Gr{\'{e}}goire Montavon and
               Wojciech Samek and
               Klaus{-}Robert M{\"{u}}ller},
  editor    = {Wojciech Samek and
               Gr{\'{e}}goire Montavon and
               Andrea Vedaldi and
               Lars Kai Hansen and
               Klaus{-}Robert M{\"{u}}ller},
  title     = {Understanding Patch-Based Learning of Video Data by Explaining Predictions},
  booktitle = {Explainable {AI:} Interpreting, Explaining and Visualizing Deep Learning},
  series    = {Lecture Notes in Computer Science},
  volume    = {11700},
  pages     = {297--309},
  publisher = {Springer},
  year      = {2019}
}

@article{ArrasHMMS16a,
  author    = {Leila Arras and
               Franziska Horn and
               Gr{\'{e}}goire Montavon and
               Klaus{-}Robert M{\"{u}}ller and
               Wojciech Samek},
  title     = {"What is Relevant in a Text Document?": An Interpretable Machine Learning
               Approach},
  journal   = {CoRR},
  volume    = {abs/1612.07843},
  year      = {2016}
}


@article{ZhangBLBSS18,
  author    = {Jianming Zhang and
               Sarah Adel Bargal and
               Zhe Lin and
               Jonathan Brandt and
               Xiaohui Shen and
               Stan Sclaroff},
  title     = {Top-Down Neural Attention by Excitation Backprop},
  journal   = {Int. J. Comput. Vis.},
  volume    = {126},
  number    = {10},
  pages     = {1084--1102},
  year      = {2018}
}

@incollection{swartout1993explanation,
  title={Explanation in second generation expert systems},
  author={Swartout, William R and Moore, Johanna D},
  booktitle={Second generation expert systems},
  pages={543--585},
  year={1993},
  publisher={Springer}
}


@article{abs,
  author    = {Pieter{-}Jan Kindermans and
               Sara Hooker and
               Julius Adebayo and
               Maximilian Alber and
               Kristof T. Sch{\"{u}}tt and
               Sven D{\"{a}}hne and
               Dumitru Erhan and
               Been Kim},
  title     = {The (Un)reliability of saliency methods},
  journal   = {CoRR},
  volume    = {abs/1711.00867},
  year      = {2017},
  url       = {http://arxiv.org/abs/1711.00867},
  archivePrefix = {arXiv},
  eprint    = {1711.00867},
  timestamp = {Mon, 13 Aug 2018 16:49:08 +0200},
  biburl    = {https://dblp.org/rec/journals/corr/abs-1711-00867.bib},
  bibsource = {dblp computer science bibliography, https://dblp.org}
}

@inproceedings{LundbergL17,
  author    = {Scott M. Lundberg and
               Su{-}In Lee},
  editor    = {Isabelle Guyon and
               Ulrike von Luxburg and
               Samy Bengio and
               Hanna M. Wallach and
               Rob Fergus and
               S. V. N. Vishwanathan and
               Roman Garnett},
  title     = {A Unified Approach to Interpreting Model Predictions},
  booktitle = {Advances in Neural Information Processing Systems 30: Annual Conference
               on Neural Information Processing Systems 2017, December 4-9, 2017,
               Long Beach, CA, {USA}},
  pages     = {4765--4774},
  year      = {2017},
  url       = {http://papers.nips.cc/paper/7062-a-unified-approach-to-interpreting-model-predictions},
  timestamp = {Tue, 01 Dec 2020 14:58:58 +0100},
  biburl    = {https://dblp.org/rec/conf/nips/LundbergL17.bib},
  bibsource = {dblp computer science bibliography, https://dblp.org}
}

@inproceedings{SunS11,
  author    = {Yi Sun and
               Mukund Sundararajan},
  editor    = {Yoav Shoham and
               Yan Chen and
               Tim Roughgarden},
  title     = {Axiomatic attribution for multilinear functions},
  booktitle = {Proceedings 12th {ACM} Conference on Electronic Commerce (EC-2011),
               San Jose, CA, USA, June 5-9, 2011},
  pages     = {177--178},
  publisher = {{ACM}},
  year      = {2011}
}


@article{corr,
  author    = {Marco Ancona and
               Enea Ceolini and
               A. Cengiz {\"{O}}ztireli and
               Markus H. Gross},
  title     = {A unified view of gradient-based attribution methods for Deep Neural
               Networks},
  journal   = {CoRR},
  volume    = {abs/1711.06104},
  year      = {2017}
}

@inproceedings{ZuradaMC94,
  author    = {Jacek M. Zurada and
               Aleksander Malinowski and
               Ian Cloete},
  title     = {Sensitivity Analysis for Minimization of Input Data Dimension for
               Feedforward Neural Network},
  booktitle = {1994 {IEEE} International Symposium on Circuits and Systems, {ISCAS}
               1994, London, England, UK, May 30 - June 2, 1994},
  pages     = {447--450},
  publisher = {{IEEE}},
  year      = {1994},
  url       = {https://doi.org/10.1109/ISCAS.1994.409622},
  doi       = {10.1109/ISCAS.1994.409622},
  timestamp = {Sat, 19 Oct 2019 20:33:50 +0200},
  biburl    = {https://dblp.org/rec/conf/iscas/ZuradaMC94.bib},
  bibsource = {dblp computer science bibliography, https://dblp.org}
}


@article{SmilkovTKVW17,
  author    = {Daniel Smilkov and
               Nikhil Thorat and
               Been Kim and
               Fernanda B. Vi{\'{e}}gas and
               Martin Wattenberg},
  title     = {SmoothGrad: removing noise by adding noise},
  journal   = {CoRR},
  volume    = {abs/1706.03825},
  year      = {2017}
}

@inproceedings{SundararajanTY17,
  author    = {Mukund Sundararajan and
               Ankur Taly and
               Qiqi Yan},
  editor    = {Doina Precup and
               Yee Whye Teh},
  title     = {Axiomatic Attribution for Deep Networks},
  booktitle = {Proceedings of the 34th International Conference on Machine Learning,
               {ICML} 2017, Sydney, NSW, Australia, 6-11 August 2017},
  series    = {Proceedings of Machine Learning Research},
  volume    = {70},
  pages     = {3319--3328},
  publisher = {{PMLR}},
  year      = {2017}
}

@incollection{rieger2018structuring,
  title={Structuring neural networks for more explainable predictions},
  author={Rieger, Laura and Chormai, Pattarawat and Montavon, Gr{\'e}goire and Hansen, Lars Kai and M{\"u}ller, Klaus-Robert},
  booktitle={Explainable and Interpretable Models in Computer Vision and Machine Learning},
  pages={115--131},
  year={2018},
  publisher={Springer}
}

@article{cowan2010magical,
  title={The magical mystery four: How is working memory capacity limited, and why?},
  author={Cowan, Nelson},
  journal={Current directions in psychological science},
  volume={19},
  number={1},
  pages={51--57},
  year={2010},
  publisher={Sage Publications Sage CA: Los Angeles, CA}
}
@article{lapuschkin2019unmasking,
  title={Unmasking clever hans predictors and assessing what machines really learn},
  author={Lapuschkin, Sebastian and W{\"a}ldchen, Stephan and Binder, Alexander and Montavon, Gr{\'e}goire and Samek, Wojciech and M{\"u}ller, Klaus-Robert},
  journal={Nature communications},
  volume={10},
  number={1},
  pages={1--8},
  year={2019},
  publisher={Nature Publishing Group}
}

@article{JMLR:v17:15-618,
    author  = {Sebastian Lapuschkin and Alexander Binder and Gr{{\'e}}goire Montavon and Klaus-Robert M{{{\"u}}}ller and Wojciech Samek},
    title   = {The LRP Toolbox for Artificial Neural Networks},
    journal = {Journal of Machine Learning Research},
    year    = {2016},
    volume  = {17},
    number  = {114},
    pages   = {1-5},
    url     = {http://jmlr.org/papers/v17/15-618.html}
}

@article{jia2014caffe,
  Author = {Jia, Yangqing and Shelhamer, Evan and Donahue, Jeff and Karayev, Sergey and Long, Jonathan and Girshick, Ross and Guadarrama, Sergio and Darrell, Trevor},
  Journal = {arXiv preprint arXiv:1408.5093},
  Title = {Caffe: Convolutional Architecture for Fast Feature Embedding},
  Year = {2014}
}


@article{JMLR,
author  = {Maximilian Alber and Sebastian Lapuschkin and Philipp Seegerer and Miriam H{{\"a}}gele and Kristof T. Sch{{\"u}}tt and Gr{{\'e}}goire Montavon and Wojciech Samek and Klaus-Robert M{{\"u}}ller and Sven D{{\"a}}hne and Pieter-Jan Kindermans},
title   = {iNNvestigate Neural Networks!},
journal = {Journal of Machine Learning Research},
year    = {2019},
volume  = {20},
number  = {93},
pages   = {1-8},
url     = {http://jmlr.org/papers/v20/18-540.html}
}

@inproceedings{NohHH15,
  author    = {Hyeonwoo Noh and
               Seunghoon Hong and
               Bohyung Han},
  title     = {Learning Deconvolution Network for Semantic Segmentation},
  booktitle = {2015 {IEEE} International Conference on Computer Vision, {ICCV} 2015,
               Santiago, Chile, December 7-13, 2015},
  pages     = {1520--1528},
  publisher = {{IEEE} Computer Society},
  year      = {2015},
  url       = {https://doi.org/10.1109/ICCV.2015.178},
  doi       = {10.1109/ICCV.2015.178},
  timestamp = {Wed, 16 Oct 2019 14:14:51 +0200},
  biburl    = {https://dblp.org/rec/conf/iccv/NohHH15.bib},
  bibsource = {dblp computer science bibliography, https://dblp.org}
}

@inproceedings{SzegedyVISW16,
  author    = {Christian Szegedy and
               Vincent Vanhoucke and
               Sergey Ioffe and
               Jonathon Shlens and
               Zbigniew Wojna},
  title     = {Rethinking the Inception Architecture for Computer Vision},
  booktitle = {2016 {IEEE} Conference on Computer Vision and Pattern Recognition,
               {CVPR} 2016, Las Vegas, NV, USA, June 27-30, 2016},
  pages     = {2818--2826},
  publisher = {{IEEE} Computer Society},
  year      = {2016}
}

@online{google,
    author = "Google",
    title = "Advanced Guide to Inception v3 on Cloud TPU",
    url  = "https://cloud.google.com/tpu/docs/inception-v3-advanced",
    addendum = "(accessed: 16.01.2021)"
}


@inproceedings{HendricksARDSD16,
  author    = {Lisa Anne Hendricks and
               Zeynep Akata and
               Marcus Rohrbach and
               Jeff Donahue and
               Bernt Schiele and
               Trevor Darrell},
  editor    = {Bastian Leibe and
               Jiri Matas and
               Nicu Sebe and
               Max Welling},
  title     = {Generating Visual Explanations},
  booktitle = {Computer Vision - {ECCV} 2016 - 14th European Conference, Amsterdam,
               The Netherlands, October 11-14, 2016, Proceedings, Part {IV}},
  series    = {Lecture Notes in Computer Science},
  volume    = {9908},
  pages     = {3--19},
  publisher = {Springer},
  year      = {2016},
  url       = {https://doi.org/10.1007/978-3-319-46493-0\_1},
  doi       = {10.1007/978-3-319-46493-0\_1},
  timestamp = {Fri, 25 Dec 2020 01:15:00 +0100},
  biburl    = {https://dblp.org/rec/conf/eccv/HendricksARDSD16.bib},
  bibsource = {dblp computer science bibliography, https://dblp.org}
}

@article{Hornik91,
  author    = {Kurt Hornik},
  title     = {Approximation capabilities of multilayer feedforward networks},
  journal   = {Neural Networks},
  volume    = {4},
  number    = {2},
  pages     = {251--257},
  year      = {1991},
  url       = {https://doi.org/10.1016/0893-6080(91)90009-T},
  doi       = {10.1016/0893-6080(91)90009-T},
  timestamp = {Wed, 14 Nov 2018 10:30:18 +0100},
  biburl    = {https://dblp.org/rec/journals/nn/Hornik91.bib},
  bibsource = {dblp computer science bibliography, https://dblp.org}
}

@article{Bengio09,
  author    = {Yoshua Bengio},
  title     = {Learning Deep Architectures for {AI}},
  journal   = {Found. Trends Mach. Learn.},
  volume    = {2},
  number    = {1},
  pages     = {1--127},
  year      = {2009}
}


@article{PoggioMRML17,
  author    = {Tomaso A. Poggio and
               Hrushikesh Mhaskar and
               Lorenzo Rosasco and
               Brando Miranda and
               Qianli Liao},
  title     = {Why and when can deep-but not shallow-networks avoid the curse of
               dimensionality: {A} review},
  journal   = {Int. J. Autom. Comput.},
  volume    = {14},
  number    = {5},
  pages     = {503--519},
  year      = {2017},
  url       = {https://doi.org/10.1007/s11633-017-1054-2},
  doi       = {10.1007/s11633-017-1054-2},
  timestamp = {Mon, 26 Oct 2020 08:55:43 +0100},
  biburl    = {https://dblp.org/rec/journals/ijautcomp/PoggioMRML17.bib},
  bibsource = {dblp computer science bibliography, https://dblp.org}
}


@article{FixEff,
  author    = {Hugo Touvron and
               Andrea Vedaldi and
               Matthijs Douze and
               Herv{\'{e}} J{\'{e}}gou},
  title     = {Fixing the train-test resolution discrepancy: FixEfficientNet},
  journal   = {CoRR},
  volume    = {abs/2003.08237},
  year      = {2020},
  url       = {https://arxiv.org/abs/2003.08237},
  archivePrefix = {arXiv},
  eprint    = {2003.08237},
  timestamp = {Tue, 24 Mar 2020 16:42:29 +0100},
  biburl    = {https://dblp.org/rec/journals/corr/abs-2003-08237.bib},
  bibsource = {dblp computer science bibliography, https://dblp.org}
}


@inproceedings{DLundbergL17,
  author    = {Scott M. Lundberg and
               Su{-}In Lee},
  editor    = {Isabelle Guyon and
               Ulrike von Luxburg and
               Samy Bengio and
               Hanna M. Wallach and
               Rob Fergus and
               S. V. N. Vishwanathan and
               Roman Garnett},
  title     = {A Unified Approach to Interpreting Model Predictions},
  booktitle = {Advances in Neural Information Processing Systems 30: Annual Conference
               on Neural Information Processing Systems},
  pages     = {4765--4774},
  year      = {2017}
}

@article{olsen2023social,
  title={On the social nature of abstraction: cognitive implications of interaction and diversity},
  author={Olsen, Karsten and Tyl{\'e}n, Kristian},
  journal={Philosophical Transactions of the Royal Society B},
  volume={378},
  number={1870},
  pages={20210361},
  year={2023},
  publisher={The Royal Society}
}


@article{inn,
  author    = {Maximilian Alber and
               Sebastian Lapuschkin and
               Philipp Seegerer and
               Miriam H{\"{a}}gele and
               Kristof T. Sch{\"{u}}tt and
               Gr{\'{e}}goire Montavon and
               Wojciech Samek and
               Klaus{-}Robert M{\"{u}}ller and
               Sven D{\"{a}}hne and
               Pieter{-}Jan Kindermans},
  title     = {iNNvestigate Neural Networks!},
  journal   = {Journal of Machine Learning Research},
  volume    = {20},
  pages     = {93:1--93:8},
  year      = {2019},
  url       = {http://jmlr.org/papers/v20/18-540.html},
  timestamp = {Wed, 10 Jul 2019 15:28:45 +0200},
  biburl    = {https://dblp.org/rec/journals/jmlr/AlberLSHSMSMDK19.bib},
  bibsource = {dblp computer science bibliography, https://dblp.org}
}





@article{Fong,
  author = {Fong, R. and Vedaldi, A.},
  title = {Interpretable explanations of black boxes by meaningful perturbation},
  year = {2017},
  doi = {10.48550/arxiv.1704.03296}
}
@article{Beymer,
  author = {Beymer, D. and Poggio, T.},
  title = {Image representations for visual learning},
  journal = {Science},
  year = {1996},
  volume = {272},
  issue = {5270},
  pages = {1905-1909},
  doi = {10.1126/science.272.5270.1905}
}s

@article{Tian,
  author = {Tian, G. and Chan, C. and Miao, Y. and Gong, J. and Jiang, Y.},
  title = {Bionic lane driving of autonomous vehicles in complex urban environments: decision-making analysis},
  journal = {Transportation Research Record: Journal of the Transportation Research Board},
  year = {2016},
  volume = {2559},
  issue = {1},
  pages = {120-130},
  doi = {10.3141/2559-14}
}


@article{malik2021automatic,
  title={Automatic speech recognition: a survey},
  author={Malik, Mishaim and Malik, Muhammad Kamran and Mehmood, Khawar and Makhdoom, Imran},
  journal={Multimedia Tools and Applications},
  volume={80},
  pages={9411--9457},
  year={2021},
  publisher={Springer}
}
\\\\\\\\\\\\\\\\\\\\\\\\\\\\\\\\\\\\\\\\\\\\\\\\\\\\\\\\\\\\\\\\\\\\\\\\\\\\\\\\\\\\\\\\\\\\\\\\\\\\\\\\\\\\\\
@article{DuLH20,
  author       = {Mengnan Du and
                  Ninghao Liu and
                  Xia Hu},
  title        = {Techniques for interpretable machine learning},
  journal      = {Commun. {ACM}},
  volume       = {63},
  number       = {1},
  pages        = {68--77},
  year         = {2020},
  url          = {https://doi.org/10.1145/3359786},
  doi          = {10.1145/3359786},
  timestamp    = {Fri, 24 Jan 2020 09:57:58 +0100},
  biburl       = {https://dblp.org/rec/journals/cacm/DuLH20.bib},
  bibsource    = {dblp computer science bibliography, https://dblp.org}
}